@misc{philipson_2004,
	title = {A {Short} {History} of {Software}},
	url = {http://www.thecorememory.com/SHOS.pdf},
	language = {Inglês},
	urldate = {2015-08-23},
	author = {Philipson, Graeme},
	year = {2004}
}

@phdthesis{jantti_2008,
	address = {Kuopio, Finlândia},
	type = {Dissertação de {Doutorado}},
	title = {Difficulties in {Managing} {Software} {Problems} and {Defects}},
	url = {http://epublications.uef.fi/pub/urn\_isbn\_978-951-27-0109-4/urn\_isbn\_978-951-27-0109-4.pdf},
	language = {Inglês},
	urldate = {2015-08-23},
	school = {University of Kuopio},
	author = {Jantti, Marko},
	month = jan,
	year = {2008}
}

@book{sommerville_2007,
	address = {São Paulo},
	edition = {8ª},
	title = {Engenharia de {Software}},
	language = {Português},
	publisher = {Pearson Addison-Wesley},
	author = {Sommerville, Ian},
	year = {2007}
}

@techreport{barbosa_et_al_2009,
	title = {Introdução ao {Teste} de {Software}},
	url = {http://www.duguay.com.br/uploads/arquivos/apostilaUSP\_Teste\_de\_Software.pdf},
	language = {Português},
	author = {Barbosa, Ellen Francine and Maldonado, José Carlos and Vincenzi, Auri Marcelo Rizzo and Delamaro, Márcio Eduardo and Souza, Simone do Rocio Senger de and Jino, Mario},
	year = {2009},
	pages = {49}
}

@techreport{vaz_2003,
	address = {Palmas},
	title = {{JUnit} – {Framework} para {Testes} em {Java}},
	url = {http://arquivo.ulbra-to.br/ensino/43020/artigos/relatorios2003-2/TCC/JUnit.pdf},
	language = {Português},
	urldate = {2015-08-19},
	institution = {Centro Universitário Luterano de Palmas},
	author = {Vaz, Rodrigo Cardoso},
	year = {2003},
	pages = {41}
}

@misc{janones_2010,
	title = {Qualidade de {Software}: {Uma} questão de eficiência.},
	url = {http://www.devmedia.com.br/qualidade-de-software-uma-questao-de-eficiencia/17803},
	language = {Português},
	urldate = {2015-08-30},
	journal = {DEVMEDIA},
	author = {Janones, Ramos de Sousa},
	month = aug,
	year = {2010}
}

@misc{burke_coyner_2003,
	title = {Top 12 {Reasons} to {Write} {Unit} {Tests}},
	url = {http://www.onjava.com/pub/a/onjava/2003/04/02/javaxpckbk.html},
	journal = {O'Reilly On java},
	author = {Burke, Eric M. and Coyner, Brian M.},
	month = apr,
	year = {2003}
}

@phdthesis{trodo_2009,
	address = {Porto Alegre},
	type = {{TCC}},
	title = {Uso de {Métricas}  nos {Testes} de {Software}},
	url = {http://www.lume.ufrgs.br/bitstream/handle/10183/18574/000730980.pdf?...1},
	language = {Português},
	urldate = {2015-08-23},
	school = {Universidade Federal do Rio Grande do Sul},
	author = {Trodo, Lia Degrazia},
	month = nov,
	year = {2009}
}


@techreport{bueno_e_campelo_2013,
	address = {Recife, PE},
	title = {Qualidade de {Software}},
	url = {http://sistemas.riopomba.ifsudestemg.edu.br/dcc/materiais/1022789570_Qualidade%20de%20Software.pdf},
	language = {Português},
	urldate = {2015-09-20},
	institution = {Universidade Federal de Pernambuco},
	author = {Bueno, Cassiane de Fátima dos Santos and Campelo, Gustavo Bueno},
	pages = {28},
  year = {2013}
}

@misc{abreu_2011,
	title = {Métricas de {Software}},
	url = {http://www.devmedia.com.br/artigo-engenharia-de-software-21-metricas-de-software/15776},
	language = {Português},
	urldate = {2015-09-20},
	journal = {DEVMEDIA},
	author = {Abreu, Thamine Chaves Leite de},
	year = {2011}
}

@book{gil_2002,
	address = {São Paulo},
	edition = {4ª},
	title = {Como elaborar projetos de pesquisa},
	isbn = {85-224-3169-8},
	language = {Português},
	publisher = {Atlas},
	author = {Gil, Antônio Carlos},
	year = {2002}
}
]
%% Tem mais dois co-autores que não foram adicionados.
@book{kauark_2010,
	address = {Itabuna},
	title = {Metodologia da pesquisa: guia prático},
	language = {Português},
	publisher = {Via Litterarum},
	author = {Kauark, Fabiana},
	year = {2010}
}
@misc{rodrigues_2007,
	address = {Paracambi},
	title = {Metodologia {Científica}},
	author = {Rodrigues, William Costa},
	year = {2007}
}

@book{ruiz_1996,
	address = {São Paulo},
	edition = {4ª},
	title = {Metodologia {Científica}: guia para eficiência nos estudos},
	publisher = {Atlas},
	author = {Ruiz, João Álvaro},
	year = {1996}
}

@misc{tafner_2007,
	address = {Associação Educacional do Vale do Itajaí-Mirim},
	title = {Apostila de metodologia científica},
	language = {Português},
	author = {Tafner, Elisabeth Penzlien and Silva, Renata},
	year = {2007}
}

@misc{stf_2010,
	title = {Black {Box} {Testing}},
	url = {http://softwaretestingfundamentals.com/black-box-testing/},
	language = {Inglês},
	urldate = {2015-09-22},
	journal = {Software Testing Fundamentals},
	author = {SOFTWARE TESTING FUNDAMENTALS},
	month = dec,
	year = {2010}
}

@misc{wells_2009,
	title = {The {Rules} of {Extreme} {Programming}},
	url = {http://www.extremeprogramming.org/rules.html},
	language = {Inglês},
	urldate = {2015-09-09},
	journal = {Extreme Programming},
	author = {Wells, Don},
	year = {2009}
}

@misc{scrum_2014,
	title = {The {Scrum} {Guides}},
	url = {http://www.scrumguides.org/scrum-guide.html},
	language = {Inglês},
	urldate = {2015-09-09},
	journal = {SCRUM GUIDES},
	author = {SCRUM GUIDES},
  year = 2014
}

@misc{williams_2006,
	title = {Testing {Overview} and {Black}-{Box} {Testing} {Techniques}},
	url = {http://agile.csc.ncsu.edu/SEMaterials/BlackBox.pdf},
	language = {Inglês},
	urldate = {2015-09-22},
	author = {Williams, Laurie},
	year = {2006}
}